@article{kaelbling1998planning,
  title={Planning and acting in partially observable stochastic domains},
  author={Kaelbling, Leslie Pack and Littman, Michael L and Cassandra, Anthony R},
  journal={Artificial intelligence},
  volume={101},
  number={1-2},
  pages={99--134},
  year={1998},
  publisher={Elsevier}
}

@inproceedings{diuk2008object,
  title={An object-oriented representation for efficient reinforcement learning},
  author={Diuk, Carlos and Cohen, Andre and Littman, Michael L},
  booktitle={Proceedings of the 25th international conference on Machine learning},
  pages={240--247},
  year={2008}
}

@inproceedings{pineau2003point,
  title={Point-based value iteration: An anytime algorithm for POMDPs},
  author={Pineau, Joelle and Gordon, Geoff and Thrun, Sebastian and others},
  booktitle={IJCAI},
  volume={3},
  pages={1025--1032},
  year={2003}
}